2294 3145
406 137 544 194 IN
638 134 1632 196 PLUTARCHUM.

117 255 308 305 denarius
341 254 395 303 ad
433 252 697 312 drachmam,
745 264 788 302 ὃς
837 254 920 301 fere
954 253 1008 301 ad

118 325 403 392 Hispanicum
434 322 637 390 Regalem
664 321 806 377 fuerit,
830 338 878 368 ut
896 338 1005 368 vm.

118 394 172 441 ad
199 410 286 440 vn.
313 390 396 440 hoc
421 392 493 446 est,
534 408 581 437 ut
618 406 760 437 XCVI.
793 386 1007 436 drachmae

117 461 172 508 ad
199 477 417 509 LXXXIV.
451 456 655 504 denarios.
709 460 844 524 Igitur
873 454 904 502 fi
929 457 1009 503 sta-

118 534 324 576 tuerimus
351 534 395 576 in
426 543 601 573 aureum
631 521 824 571 Solatum
858 523 1007 572 decem

118 602 342 646 Romanos
380 592 586 648 denarios,
622 590 689 639 vel
729 591 1009 660 quadraginta

119 682 327 712 nummos
354 662 553 710 sestertios
589 658 679 727 (etsi
718 658 892 726 paululo
927 665 1009 707 mi—

118 752 198 781 nus
238 730 333 779 sunt
374 728 650 786 aestimabiles,
686 726 716 774 si
756 728 823 795 ρῦ)
861 728 1007 785 παίω-ης

119 798 355 861 αζκρμξρίας
381 797 752 854 aestimaverimus3
771 793 838 843 sed
864 801 1011 843 minu-

120 874 187 917 tiae
213 885 300 915 tam
324 863 433 914 leves
464 864 519 912 ad
558 863 849 911 subduetionis
887 882 1012 910 com-

121 936 375 983 moditatem
402 931 664 1000 negligendae
691 931 800 987 sunt)
841 930 1012 977 sesterti-

120 1022 197 1051 um
240 1001 429 1068 sexagies,
466 1000 672 1048 librarum
706 1000 1011 1045 Turonearum

121 1070 414 1139 quadringena
440 1072 745 1135 quinquagena
779 1063 927 1121 millia,
963 1064 1015 1112 fi-

121 1159 173 1188 ve
187 1153 414 1186 aureorum
430 1133 674 1182 Solatorum
695 1149 872 1182 centena
887 1136 1015 1200 quin-

123 1224 321 1274 quagena
352 1201 485 1250 millia
522 1202 820 1268 exaequabunt.
882 1206 1015 1268 Igitur

124 1270 371 1321 Plutarchus
402 1275 616 1317 minorem
643 1268 855 1315 summam
881 1286 1015 1335 quam

124 1345 332 1407 oportuit,
371 1337 468 1386 fecit
496 1341 638 1406 quinis
680 1346 721 1383 δε
755 1334 1017 1403 septuagenis

126 1406 314 1456 millibus
346 1405 551 1455 librarum
575 1402 915 1460 Turonenfium,
932 1402 1016 1451 hoc

126 1479 200 1533 est,
235 1480 376 1545 quinis
403 1478 559 1524 vicenis
577 1470 767 1519 millibus
789 1489 1017 1520 aureorum

129 1544 386 1593 Solatorum.

197 1610 398 1660 Similiter
427 1615 473 1658 in
498 1611 577 1659 hac
617 1609 765 1660 eadem
803 1614 891 1658 vita
919 1628 1016 1679 pag.

131 1694 158 1727 6
170 1703 210 1736 9·
276 1681 519 1748 μυωοίδὶις
594 1679 717 1733 πέντε
775 1679 809 1752 ²}
876 1680 1018 1737 εἴκοσι,

129 1753 396 1800 drachmarum
428 1757 577 1818 viginti
613 1757 777 1817 quinque
810 1753 1018 1819 myriadas,

130 1818 197 1867 vel
263 1820 444 1868 ducenta
517 1825 834 1887 quinquaginta
891 1818 1023 1866 millia

130 1886 434 1936 drachmarum
463 1888 720 1942 Atticarum,
758 1887 832 1932 effe
861 1891 1024 1933 Roma-

132 1973 188 2001 na
234 1961 416 2021 pecunia
458 1956 580 2000 decies
620 1959 702 2000 HS.
747 1952 815 1999 vel
841 1951 1023 2000 ducenta

132 2026 450 2090 quinquaginta
475 2018 609 2066 millia
623 2018 896 2066 denariorum
920 2038 1025 2066 con-

133 2093 286 2137 stanter
310 2089 514 2137 affeverat.
588 2091 628 2133 Si
667 2103 808 2134 tamen
840 2087 901 2151 [J
934 2087 1023 2138 τίω

135 2157 302 2218 cina&
332 2157 550 2222 βάσανον,
587 2153 693 2201 ficut
731 2152 798 2201 ille
831 2151 1024 2221 loquitur

134 2226 186 2274 ad
224 2224 384 2272 calcem
433 2222 560 2271 libelli
608 2222 701 2277 a&
751 2222 1020 2299 ἁμαξμέμῃς,

135 2311 366 2362 utramque
405 2291 620 2339 stimmam
660 2291 1020 2346 aestimaverimus,

136 2379 267 2410 xxv.
339 2359 546 2425 myriades
598 2374 724 2406 erunt
771 2375 862 2407 XX.
923 2356 1024 2405 mil-

137 2429 194 2477 lia
234 2428 477 2478 Solatorum
509 2444 750 2483 aureorum,
780 2436 823 2475 ὃς
856 2443 1024 2491 praeter-

137 2518 184 2546 ea
209 2496 385 2546 summae
408 2499 662 2544 excurrentis
686 2511 1020 2543 Dcccxxxm.

137 2584 240 2614 cum
273 2571 432 2614 triente.
502 2568 655 2612 Decies
695 2581 852 2619 autem,
892 2580 1021 2611 XXV.

140 2631 274 2680 millia
311 2633 545 2682 eorundem
588 2650 814 2679 aureorum
863 2630 1025 2678 Solato-

140 2719 251 2749 rum.
324 2702 561 2749 Discrimen
613 2701 670 2747 est
726 2716 794 2748 IV.
837 2696 1027 2746 millium

139 2784 313 2819 CLXVI.
360 2788 584 2819 aureorum
644 2786 747 2818 cum
806 2766 1026 2815 dodrante„

1827 154 1939 212 421

1059 256 1264 300 Omnino
1308 253 1661 322 quotiescumque
1702 253 1947 303 Plutarchus

1056 319 1269 369 summam
1283 321 1470 386 aliquam
1496 341 1572 369 aere
1589 328 1810 379 Romano,
1822 321 1949 390 quale

1057 385 1102 434 id
1128 406 1229 435 cum
1265 407 1318 435 ue
1346 387 1408 447 fit,
1425 388 1592 446 assibus,
1629 389 1830 445 sestertiis,
1850 396 1948 458 qui-

1056 461 1194 512 nariis,
1231 409 1424 513 denariis,
1459 454 1571 504 libris
1603 456 1688 505 sive
1713 456 1878 523 pondo,
1893 460 1947 506 ab

1057 522 1204 591 aliquo
1254 528 1442 580 auctore,
1490 523 1605 571 unde
1649 523 1840 591 sumpsit,
1878 545 1950 573 ex-

1058 591 1249 657 preffam,
1300 596 1457 640 Graecis
1513 598 1734 648 nummis,
1794 593 1948 650 obolis,

1058 659 1279 718 drachmis,
1317 665 1460 715 minis,
1508 657 1686 716 talentis,
1726 669 1769 707 ὃς
1803 659 1951 708 {imili-

1059 729 1135 777 bus
1169 729 1314 776 referre
1355 733 1520 783 nititur,
1557 727 1711 776 eodem
1746 747 1885 775 errore
1914 727 1951 777 [e

1058 795 1264 845 traducit:
1301 801 1393 865 qui,
1431 813 1478 844 ut
1519 812 1648 862 patet,
1698 815 1748 843 eo
1781 800 1953 864 gravior

1059 867 1118 912 est
1144 873 1187 911 ὃς
1213 863 1501 931 periculosior,
1536 883 1626 932 quo
1655 864 1836 920 summa,
1864 884 1953 933 qua

1060 929 1112 977 de
1131 937 1282 997 agitur,
1319 936 1458 994 major
1490 932 1641 980 existit.
1711 932 1863 980 Caussa
1904 942 1950 980 &

1058 997 1233 1055 fundus,
1271 1014 1319 1045 ut
1345 1004 1434 1060 jam
1459 1015 1646 1064 apparet,
1691 998 1816 1060 hujus
1847 1008 1954 1048 tanti

1061 1064 1163 1113 mali
1192 1068 1265 1123 est,
1302 1065 1423 1134 quod
1447 1064 1672 1114 denarium
1696 1064 1782 1114 sive
1803 1084 1872 1115 iv.
1899 1066 1957 1114 se-

1062 1135 1222 1182 stertios
1257 1133 1331 1182 sub
1375 1133 1596 1182 Consulib.
1624 1134 1755 1182 stante
1785 1137 1956 1200 Repub.

1065 1200 1249 1263 ejusdem
1272 1206 1459 1249 omnino
1482 1200 1601 1249 fuiffe
1622 1218 1670 1248 ut
1698 1219 1958 1268 temperatu-

1065 1288 1133 1326 rae,
1168 1269 1225 1317 fic
1253 1279 1296 1317 ὃς
1339 1267 1537 1336 ponderis
1567 1288 1616 1317 ac
1656 1269 1810 1319 valoris
1853 1289 1960 1319 cum

1065 1339 1209 1385 Attica
1248 1342 1502 1386 Graecorum
1539 1336 1755 1395 drachma,
1788 1337 1874 1386 sive
1903 1338 1961 1386 se-

1067 1410 1130 1452 nis
1164 1405 1304 1454 obolis
1344 1410 1512 1462 Atticis,
1550 1405 1656 1453 sicut
1692 1410 1876 1454 extincta
1910 1405 1961 1454 li-

1067 1474 1225 1522 bertate
1251 1473 1324 1521 sub
1341 1473 1568 1522 Caesaribus
1596 1473 1712 1521 haud
1739 1473 1866 1521 dubie
1893 1472 1964 1520 fu-

1066 1561 1203 1600 erunt,
1240 1544 1511 1598 existimavit,
1549 1560 1658 1590 certe
1692 1540 1849 1607 passim
1883 1541 1963 1589 do-

1069 1616 1159 1659 cuit
1201 1612 1341 1659 noster
1366 1609 1442 1658 hic·
1473 1608 1785 1665 Chaeronenfis,
1825 1620 1868 1658 δε
1908 1608 1963 1658 ad

1069 1677 1178 1727 hanc
1216 1685 1442 1735 rationem,
1491 1676 1594 1725 falsae
1625 1678 1815 1731 ὁὶςλεόων
1846 1682 1965 1732 ’ἁπ-

1071 1746 1207 1803 θὲσ-ρι,
1245 1765 1293 1794 ut
1319 1747 1510 1814 loquitur
1543 1744 1833 1812 Philosophus,
1871 1746 1966 1793 suos

1071 1833 1220 1863 omnes
1249 1813 1532 1881 Epilogismos
1556 1812 1768 1864 subduxit.
1804 1819 1855 1860 In
1872 1832 1968 1881 quo

1071 1881 1186 1929 haud
1221 1883 1350 1929 dubie
1381 1879 1616 1928 Guillelmo
1651 1880 1828 1936 Budaeo,
1871 1886 1967 1930 viro

1072 1953 1118 1996 in
1146 1968 1191 1997 ea
1217 1948 1418 2014 palaestra,
1457 1965 1506 1995 ut
1526 1966 1677 1994 omnes
1699 1966 1874 2004 norunt,
1895 1969 1967 1996 ex-

1073 2016 1374 2075 ercitatiffimo,
1412 2025 1455 2063 ὃς
1488 2021 1708 2071 omnium,
1735 2015 1870 2063 ausim
1901 2017 1967 2064 di-

1073 2102 1179 2139 cere,
1195 2088 1271 2152 qui
1296 2084 1379 2132 hoc
1407 2100 1713 2151 argumentum
1741 2085 1882 2131 nostra
1899 2083 1965 2132 vel

1072 2168 1245 2216 patrum
1275 2158 1482 2199 memoria
1517 2149 1844 2219 wfjnygggssp'mg,
1880 2150 1967 2200 sive

1072 2221 1173 2273 κατ’
1196 2221 1535 2287 {maffeianum
1564 2223 1863 2274 tracCtaverunr,
1904 2219 1966 2267 fa-

1071 2288 1148 2335 cile
1185 2287 1440 2353 corypliaeo,
1490 2305 1698 2354 magnam
1737 2285 1966 2353 cespitaudi

1071 2354 1340 2404 occasionem
1367 2355 1561 2421 praebuit.
1636 2359 1757 2402 Nam
1777 2353 1839 2402 his
1863 2356 1964 2404 fun-

1072 2422 1280 2472 damentis
1303 2421 1415 2470 male
1438 2428 1573 2486 jastis,
1590 2428 1799 2490 graviores
1827 2441 1964 2491 quam

1072 2497 1168 2560 quis
1194 2497 1338 2558 primo
1352 2491 1519 2558 aspeetu
1551 2493 1771 2547 existimet,
1809 2509 1962 2540 errores

1072 2560 1402 2628 confiequuntur,
1439 2578 1579 2628 neque
1610 2564 1707 2606 certi
1739 2569 1781 2607 ὃς
1817 2559 1966 2626 εκρκ)ψ

1073 2633 1150 2676 rati
1177 2633 1412 2695 quicquam
1441 2627 1493 2673 de
1535 2626 1604 2675 illa
1632 2644 1722 2676 tota
1761 2647 1803 2676 re
1834 2647 1965 2677 num-

1075 2701 1205 2745 maria
1230 2694 1318 2743 sciri
1343 2696 1493 2762 potest,

1885 2834 1977 2878 Ne-
