2294 3145
296 150 416 212 420

292 251 539 320 quindecies
574 268 752 299 centena
793 249 927 300 millia
972 248 1193 299 drachma-

289 340 390 369 rum
418 323 679 369 Atticarum.
754 318 835 368 Sed
864 322 1008 367 Attica
1043 318 1193 368 drach-

291 408 365 438 ma
392 391 631 438 bonitatem
657 393 943 455 puritatemve
963 387 1191 436 undenum

289 458 515 507 denarium
552 467 596 506 δε
642 456 993 505 duodevicenum
1034 475 1192 524 grano÷

287 545 402 584 rum,
428 526 535 575 sicut
561 528 694 575 nostri
714 524 904 574 aurifices
930 523 1187 593 loquuntur,

290 612 338 642 nt
367 594 607 663 plurimum
635 596 857 643 obtinuit:
895 593 1019 662 quod
1043 595 1102 641 est
1127 593 1190 642 di-

287 684 394 721 cere,
446 662 853 733 quinquagesimam
893 663 978 711 fere
1027 660 1191 710 metalli

286 733 445 782 vilioris
482 737 730 799 portionem
756 731 996 780 admixtam
1024 730 1187 788 habuit,

286 801 352 849 vel
389 822 414 850 a
445 800 613 850 summa
645 811 688 850 &
717 799 869 848 ultima
904 804 1085 866 puritate
1123 800 1188 847 sex

284 875 439 936 granis,
476 870 521 918 id
550 871 622 927 est,
658 867 747 917 solo
771 873 898 916 unius
922 867 1082 916 denarii
1112 887 1187 917 au—

282 938 456 989 rificum
487 950 607 1000 (nam
645 937 784 1005 ipsum
822 937 1026 987 bonitatis
1057 935 1188 986 dena-

281 1012 397 1056 rium
436 1025 623 1077 quatuor
665 1017 709 1056 &
757 1011 914 1073 viginti
949 1025 1185 1074 granorum

281 1076 359 1123 effe
386 1075 447 1125 illi
474 1075 717 1143 perhibent)
756 1074 991 1143 quadrante
1014 1072 1153 1122 abfuit
1170 1095 1183 1120 .-

278 1145 485 1212 pependit
530 1162 676 1193 autem
721 1144 921 1204 <revolatu
957 1142 1042 1191 five
1086 1161 1185 1190 mo-

276 1231 426 1262 menta
455 1218 656 1262 Romana
700 1223 815 1280 (quae
852 1230 983 1278 grana
999 1212 1184 1277 ponderis

273 1281 328 1329 ab
357 1281 602 1330 aurificibus
680 1299 828 1349 uoque
879 1285 1180 1338 nominantur)

275 1349 443 1416 praecise
470 1354 548 1398 tria
575 1359 619 1398 ὃς
661 1354 869 1418 exaginta.
941 1353 1079 1417 Igitur
1094 1354 1180 1397 Re-

274 1416 379 1485 galis
404 1416 625 1468 Castiliani
652 1417 736 1467 sive
757 1415 982 1484 Hispanici
1003 1418 1085 1465 fuit
1109 1416 1181 1466 illa

273 1504 426 1553 praeter
459 1505 634 1555 propter
665 1486 874 1552 οἰᾶΙσζξιος.
946 1492 1093 1550 Hujus
1130 1485 1182 1534 fi-

274 1557 455 1624 quidem
499 1555 669 1624 Regalis
709 1556 881 1624 pondus
923 1574 1054 1624 grana
1095 1554 1180 1605 sive

272 1642 503 1674 momenta
546 1625 751 1693 sexagena
809 1642 1017 1694 quaterna
1052 1624 1177 1673 sunt:

273 1711 379 1743 nota
405 1713 508 1744 vero
539 1692 623 1742 sive
641 1698 800 1761 puritas
829 1694 1082 1760 probitasve,
1099 1713 1180 1742 un-

274 1760 438 1811 denum
466 1764 525 1811 est
557 1763 783 1811 denarium
828 1773 872 1811 δε
915 1780 1178 1831 quaternum

275 1850 528 1898 granorum,
566 1837 623 1880 ita
654 1849 702 1879 ut
727 1830 781 1879 ad
805 1830 1178 1901 exquisitissimam

273 1905 502 1965 puritatem
526 1905 674 1948 vicena
701 1918 846 1966 grana,
875 1905 1020 1967 quinae
1053 1905 1178 1947 unius

273 1965 435 2015 denarii
466 1968 667 2016 bonitatis
690 1983 827 2033 partes
856 1971 894 2013 ei
921 1965 1070 2014 desint.
1103 1971 1177 2014 Er-

276 2053 334 2102 go
368 2034 429 2094 (id
457 2042 575 2085 enim
601 2033 710 2084 clare
745 2034 952 2104 sequitur)
994 2034 1178 2083 ducenta

274 2109 595 2173 quinquaginta
658 2101 815 2152 talenta
864 2106 1033 2160 Attica,
1095 2103 1181 2153 five

276 2175 522 2241 quindecies
567 2190 745 2222 centena
778 2169 912 2221 millia
954 2170 1178 2221 drachma-

278 2260 377 2289 rum
428 2245 676 2291 Atticarum
714 2239 772 2290 ad
816 2247 996 2289 rationes
1046 2243 1178 2290 nostri

280 2309 493 2360 Gallicani
537 2310 697 2375 collybi
734 2327 859 2358 erunt
888 2328 1055 2358 trecena
1089 2309 1178 2377 sep—

279 2396 465 2448 tuagena
490 2384 625 2449 quina
646 2377 782 2427 millia
806 2378 1013 2427 librarum
1031 2381 1178 2427 Turo-

280 2466 472 2506 nearum,
509 2466 615 2517 quas
642 2445 919 2515 appellamus,
955 2447 1040 2496 sive
1080 2466 1179 2495 cen—

279 2532 378 2563 tena
421 2521 571 2565 vicena
611 2522 745 2585 quina
783 2513 917 2565 millia
947 2535 1176 2565 aureorum

280 2583 541 2642 Solatorum,
579 2583 787 2633 duodenis
818 2590 863 2632 in
891 2603 1070 2633 aureum
1101 2591 1177 2633 So>-

278 2649 417 2699 latum
443 2653 655 2702 drachmis
676 2657 830 2701 Atticis
855 2653 920 2702 vel
941 2653 1179 2702 Castilianis

268 2720 514 2788 -Regalibus
545 2727 779 2787 imputatis,
816 2742 866 2770 ex
907 2724 1178 2772 constitutio-

280 2807 335 2837 ne
365 2794 547 2838 Henrici
587 2794 664 2837 ΙΙΙ.
719 2794 849 2858 Regis
898 2797 1178 2851 Francorum,

597 127 1146 213 JO.RUALD1
1209 126 1877 194 ANIMADVERS.

1240 267 1338 318 quae
1363 259 1406 298 δε
1435 248 1572 318 prisco
1605 255 1861 302 Graecorurn
1888 261 1934 304 δε
1975 261 2140 309 Roma>-

1238 335 1400 367 norum
1438 318 1609 383 collybo
1646 320 1737 370 satis
1772 339 1857 370 erat
1889 341 2140 375 accommo-

1238 385 1350 444 data,
1388 395 1434 437 &
1483 387 1753 438 saluberrima
1792 388 1943 445 futura,
1967 411 2067 451 erat,
2103 395 2135 444 si

1237 472 1313 521 per
1335 461 1394 504 rei
1419 463 1673 508 nummariae
1699 456 1967 508 difficultates
1983 471 2026 510 &
2052 462 2137 512 fisci

1236 526 1447 593 angustias
1474 525 1633 575 diutius
1659 528 1855 575 obtinere
1886 531 2098 596 potuiffet.

1297 598 1398 662 Jam
1418 611 1563 643 autem
1588 601 1677 646 HS.
1713 594 1908 665 sexagies,
1946 596 2030 646 hoc
2058 602 2133 659 est,

1235 658 1416 729 sexagies
1453 680 1632 712 centena
1665 662 1800 713 millia
1833 664 2131 728 sestertiorum,

1236 727 1483 797 quindecies
1524 748 1702 781 centena
1740 733 1965 783 denarium
2005 754 2138 786 num-

1236 815 1364 847 mum
1412 805 1721 850 Romanorum
1779 801 1913 852 millia
1965 811 2136 871 penitus

1233 866 1526 937 adaequarunt.
1599 874 1724 918 Nam
1748 877 1943 940 quaterni
1965 871 2133 924 sestertii

1233 954 1323 984 uno
1348 937 1523 986 denario
1553 957 1743 988 nummo
1767 940 1882 989 fuere
1910 941 2133 993 oblocabi-

1230 1003 1300 1060 les,
1337 1004 1382 1053 id
1411 1007 1533 1074 quod
1557 1013 1677 1071 pueri
1698 1006 1848 1057 sciunt.
1902 1012 1965 1057 At
1993 1009 2133 1060 sester-

1231 1077 1327 1128 tius,
1365 1092 1468 1120 cum
1500 1075 1596 1121 effer
1625 1075 1813 1136 ejusdem
1854 1075 1986 1125 ferme
2014 1098 2130 1129 notae

1229 1157 1278 1187 ac
1306 1138 1409 1209 legis
1434 1140 1521 1190 five
1547 1160 1844 1210 temperaturae
1879 1164 1982 1193 cum
2017 1150 2133 1197 Atti-

1229 1227 1278 1257 ca
1303 1207 1521 1268 drachma,
1557 1211 1602 1260 id
1629 1213 1703 1269 est,
1740 1231 1843 1261 cum
1866 1234 1916 1262 ex
1951 1233 2134 1284 argento

1229 1297 1352 1347 aeque
1389 1297 1648 1349 perpurgato
1689 1289 1733 1328 ὃς
1774 1287 1953 1331 εκεοᾶὶο
1994 1284 2130 1354 vulgo

1227 1348 1549 1414 procuderetur‚
1595 1349 1880 1417 granulorum
1914 1350 1999 1400 sive
2038 1359 2130 1402 Ro-

1228 1434 1463 1466 manorum
1499 1436 1829 1467 momentorum
1869 1417 2132 1471 duodevice-

1227 1503 1339 1533 num
1374 1485 1540 1553 praecise
1567 1485 1739 1554 pondus
1765 1489 1973 1547 obtinuit,
2004 1509 2128 1538 nem-

1227 1572 1282 1620 pe
1310 1556 1443 1604 stante
1461 1574 1509 1604 ac
1532 1555 1709 1605 florente
1726 1557 1897 1623 Repub.
1916 1555 1990 1606 sub
2005 1564 2128 1608 Con-

1227 1621 1398 1684 sulibus,
1435 1625 1479 1673 id
1498 1627 1570 1683 est,
1608 1642 1730 1674 aetate
1752 1630 1820 1675 M.
1851 1627 2050 1687 Antonii,
2081 1639 2125 1678 ὃς

1227 1695 1295 1739 Μ.
1327 1692 1462 1742 Tullii
1493 1700 1728 1747 Ciceronis.
1801 1699 1937 1764 Igitur
1968 1705 2012 1744 &
2039 1701 2127 1746 De-

1227 1766 1333 1810 narii
1372 1767 1566 1812 Romani
1602 1761 1863 1821 Consularis,
1908 1769 2030 1827 cujus
2063 1784 2132 1814 ea—

1227 1827 1329 1878 dem
1360 1850 1462 1880 cum
1488 1833 1667 1881 sestertio
1696 1838 1882 1881 mixtura
1921 1850 2129 1900 tempera-

1227 1903 1341 1947 tiove
1381 1919 1429 1947 ac
1473 1905 1646 1966 puritas,
1683 1898 1854 1966 pondus
1902 1899 1984 1946 fuit
2031 1919 2129 1948 mo-

1226 1982 1481 2014 mentorum
1516 1966 1599 2017 five
1632 1986 1868 2035 granorum
1903 1965 2043 2015 duum
2082 1980 2126 2018 ὃς

1226 2032 1562 2102 septuagenum:
1600 2033 1723 2103 quod
1765 2036 1823 2082 est
1862 2032 2011 2093 dicere,
2047 2040 2128 2084 At-

1226 2106 1310 2150 tica
1343 2101 1547 2151 drachma
1588 2108 1784 2171 quaterni
1823 2102 2008 2161 sestertii,
2044 2104 2129 2156 sive

1228 2177 1455 2222 Romanus
1506 2171 1715 2230 denarius,
1763 2191 1925 2221 novem
1967 2179 2123 2241 granis,

1227 2239 1311 2289 hoc
1341 2242 1413 2298 est,
1452 2239 1628 2309 septima
1655 2239 1766 2289 illius
1790 2238 2018 2297 drachmae,
2057 2243 2124 2291 vel

1227 2312 1381 2358 offitava
1411 2307 1481 2358 sua
1510 2327 1627 2376 parte
1660 2315 1845 2358 omnino
1875 2309 2125 2375 ponderosi—

1226 2397 1317 2425 ores
1341 2378 1527 2427 fuerunt.
1599 2383 1776 2427 Denarii
1800 2377 1934 2439 >hujus
1963 2385 2125 2445 generis

1214 2444 1384 2512 'septeni
1409 2452 1456 2495 in
1481 2452 1657 2496 unciam
1684 2446 1873 2514 affignati
1897 2443 2007 2503 sunt,
2025 2466 2122 2515 quae

1225 2514 1308 2564 fuit
1362 2519 1466 2563 od‘co
1516 2514 1832 2570 drachmarum,
1873 2518 1919 2561 in
1967 2513 2121 2565 libram

1228 2589 1478 2634 Romanam
1517 2590 1738 2652 odroginta
1774 2600 1972 2651 quatuor,
2013 2583 2122 2653 ¹quae

1227 2659 1465 2722 nonaginta
1500 2653 1564 2701 sex
1595 2652 1803 2701 drachmis
1831 2651 1914 2700 fuit
1942 2652 2124 2718 repensi-

1227 2720 1291 2780 lis,
1303 2720 1410 2772 libra
1438 2726 1586 2771 Graeca
1612 2720 1696 2769 sive
1712 2723 1839 2768 Mina
1857 2723 2001 2769 Attica
2018 2740 2124 2790 qua„

1229 2808 1328 2840 tuor
1358 2790 1498 2840 solum
1540 2787 1749 2839 drachmis
1778 2787 1940 2838 levior:
1972 2795 2030 2839 ita
2073 2806 2120 2836 ut

1438 2860 1457 2895 ἓ
2052 2855 2124 2913 (ἱε-ι
